<record><leader>00000cas a2200000 a 4500</leader><controlfield tag="001">11712515</controlfield><controlfield tag="008">850220d17981800nyuwr ne      0    0eng c</controlfield><datafield ind1=" " ind2=" " tag="010"><subfield code="a">sn 85025374 </subfield></datafield><datafield ind1=" " ind2=" " tag="040"><subfield code="a">NPX</subfield><subfield code="b">eng</subfield><subfield code="c">NPX</subfield><subfield code="d">OCL</subfield><subfield code="d">MGN</subfield><subfield code="d">YOX</subfield><subfield code="d">NYS</subfield><subfield code="d">HUL</subfield><subfield code="d">NYS</subfield><subfield code="d">OBN</subfield><subfield code="d">OCL</subfield><subfield code="d">CVF</subfield><subfield code="d">NYS</subfield><subfield code="d">DLC</subfield><subfield code="d">OCLCQ</subfield><subfield code="d">BUF</subfield><subfield code="d">KRTAS</subfield><subfield code="d">OCLCQ</subfield><subfield code="d">OCLCF</subfield><subfield code="d">OCLCO</subfield></datafield><datafield ind1="1" ind2=" " tag="029"><subfield code="a">AU@</subfield><subfield code="b">000020352085</subfield></datafield><datafield ind1=" " ind2=" " tag="042"><subfield code="a">pcc</subfield></datafield><datafield ind1=" " ind2=" " tag="043"><subfield code="a">n-us-ny</subfield></datafield><datafield ind1="0" ind2="0" tag="050"><subfield code="a">Newspaper</subfield></datafield><datafield ind1="1" ind2="4" tag="050"><subfield code="a">AN256</subfield><subfield code="b">.S27</subfield></datafield><datafield ind1="0" ind2="4" tag="245"><subfield code="a">The Saratoga register, or, farmer's journal.</subfield></datafield><datafield ind1="3" ind2="0" tag="246"><subfield code="a">Farmer's journal</subfield></datafield><datafield ind1=" " ind2=" " tag="260"><subfield code="a">Ballston Spa [N.Y.] :</subfield><subfield code="b">Increase &amp; William Child,</subfield><subfield code="c">[1798-1800]</subfield></datafield><datafield ind1=" " ind2=" " tag="300"><subfield code="a">v.</subfield></datafield><datafield ind1=" " ind2=" " tag="310"><subfield code="a">Weekly</subfield></datafield><datafield ind1="1" ind2=" " tag="362"><subfield code="a">Began July 1798; ceased 1800.</subfield></datafield><datafield ind1=" " ind2=" " tag="530"><subfield code="a">Also issued on microfilm from Readex Microprint Corp.</subfield></datafield><datafield ind1=" " ind2=" " tag="588"><subfield code="a">Description based on: Vol. 1, no. 13 (Sept. 5, 1798).</subfield></datafield><datafield ind1=" " ind2="0" tag="651"><subfield code="a">Ballston Spa (N.Y.)</subfield><subfield code="v">Newspapers.</subfield></datafield><datafield ind1=" " ind2="0" tag="651"><subfield code="a">Saratoga County (N.Y.)</subfield><subfield code="v">Newspapers.</subfield></datafield><datafield ind1=" " ind2="7" tag="655"><subfield code="a">Newspapers.</subfield><subfield code="2">fast</subfield><subfield code="0">(OCoLC)fst01423814</subfield></datafield><datafield ind1=" " ind2="7" tag="651"><subfield code="a">New York (State)</subfield><subfield code="z">Ballston Spa.</subfield><subfield code="2">fast</subfield><subfield code="0">(OCoLC)fst01220520</subfield></datafield><datafield ind1=" " ind2="7" tag="651"><subfield code="a">New York (State)</subfield><subfield code="z">Saratoga County.</subfield><subfield code="2">fast</subfield><subfield code="0">(OCoLC)fst01210046</subfield></datafield><datafield ind1=" " ind2=" " tag="752"><subfield code="a">United States</subfield><subfield code="b">New York</subfield><subfield code="c">Saratoga</subfield><subfield code="d">Ballston Spa.</subfield></datafield><datafield ind1="0" ind2="0" tag="785"><subfield code="t">Saratoga register</subfield><subfield code="w">(DLC)sn 89071408</subfield><subfield code="w">(OCoLC)20225016</subfield></datafield><datafield ind1=" " ind2=" " tag="850"><subfield code="a">MH</subfield></datafield><datafield ind1=" " ind2=" " tag="938"><subfield code="a">Kirtas Technologies, Inc.</subfield><subfield code="b">KRTS</subfield><subfield code="n">739016</subfield></datafield></record>